<record><leader>00000cas a2200000 a 4500</leader><controlfield tag="001">19033369</controlfield><controlfield tag="008">890118d188u18uutnuwr ne      0    0eng d</controlfield><datafield ind1=" " ind2=" " tag="010"><subfield code="a">sn 89058065 </subfield></datafield><datafield ind1=" " ind2=" " tag="040"><subfield code="a">KNP</subfield><subfield code="b">eng</subfield><subfield code="c">KNP</subfield><subfield code="d">TGN</subfield><subfield code="d">OCL</subfield><subfield code="d">OCLCQ</subfield><subfield code="d">OCLCF</subfield><subfield code="d">OCLCO</subfield></datafield><datafield ind1="1" ind2=" " tag="029"><subfield code="a">AU@</subfield><subfield code="b">000020544912</subfield></datafield><datafield ind1=" " ind2=" " tag="042"><subfield code="a">msc</subfield></datafield><datafield ind1=" " ind2=" " tag="043"><subfield code="a">n-us-tn</subfield></datafield><datafield ind1="0" ind2="4" tag="245"><subfield code="a">The Stewart breeze.</subfield></datafield><datafield ind1="1" ind2=" " tag="246"><subfield code="i">Colophon title:</subfield><subfield code="a">Stewart County breeze</subfield></datafield><datafield ind1="1" ind2=" " tag="246"><subfield code="i">Colophon title:</subfield><subfield code="a">Weekly breeze</subfield></datafield><datafield ind1=" " ind2=" " tag="260"><subfield code="a">Dover, Tenn. :</subfield><subfield code="b">Williams &amp; Stamps</subfield></datafield><datafield ind1=" " ind2=" " tag="300"><subfield code="a">v. :</subfield><subfield code="b">ill.</subfield></datafield><datafield ind1=" " ind2=" " tag="310"><subfield code="a">Weekly</subfield></datafield><datafield ind1=" " ind2=" " tag="500"><subfield code="a">Publishers: Williams &amp; Stamps, &lt;1887&gt;; O.H. Williams, 1887-&lt;1888&gt;</subfield></datafield><datafield ind1=" " ind2=" " tag="588"><subfield code="a">Description based on: New ser., Breeze, v. 1, no. 20 (July 22, 1887) = Old ser., Courier, v. 11, no. 17.</subfield></datafield><datafield ind1=" " ind2="0" tag="651"><subfield code="a">Dover (Tenn.)</subfield><subfield code="v">Newspapers.</subfield></datafield><datafield ind1=" " ind2="0" tag="651"><subfield code="a">Stewart County (Tenn.)</subfield><subfield code="v">Newspapers.</subfield></datafield><datafield ind1=" " ind2="7" tag="655"><subfield code="a">Newspapers.</subfield><subfield code="2">fast</subfield><subfield code="0">(OCoLC)fst01423814</subfield></datafield><datafield ind1=" " ind2="7" tag="651"><subfield code="a">Tennessee</subfield><subfield code="z">Dover.</subfield><subfield code="2">fast</subfield><subfield code="0">(OCoLC)fst01226845</subfield></datafield><datafield ind1=" " ind2="7" tag="651"><subfield code="a">Tennessee</subfield><subfield code="z">Stewart County.</subfield><subfield code="2">fast</subfield><subfield code="0">(OCoLC)fst01214791</subfield></datafield><datafield ind1=" " ind2=" " tag="752"><subfield code="a">United States</subfield><subfield code="b">Tennessee</subfield><subfield code="c">Stewart</subfield><subfield code="d">Dover.</subfield></datafield></record>